%%
% 参考文献
% 本模板文后参考文献格式采用国家标准《文后参考文献著录规则》中的标准形式
%参考文献是毕业设计(论文)不可缺少的组成部分，它反映毕业设计(论文)的取材来源、材料的广博程度和材料的可靠程度，也是作者对他人知识成果的承认和尊重。一份完整的参考文献可%%向读者提供一份有价值的信息资料。
%列入的文献应在10篇以上，其中外文文献在2篇以上。
%“参考文献”为论文中所有引文、引用观点以及对论文有重要影响和启发的文献
%参考文献出处最好为高档次杂志期刊及会议论文：
%毕业论文中，参考所涉及到的网络文章、政府文件等非标准文献，在文中以脚注形式出现。
%不要大量引用博士硕士论文
%%

%期刊文章
@article{liu2011sift,
	title={Sift flow: Dense correspondence across scenes and its applications},
	author={Liu, Ce and Yuen, Jenny and Torralba, Antonio},
	journal={IEEE Transactions on Pattern Analysis and Machine Intelligence},
	volume={33},
	number={5},
	pages={978--994},
	year={2011},
	publisher={IEEE}
}

%会议论文
@inproceedings{tighe2013finding,
	title={Finding things: Image parsing with regions and per-exemplar detectors},
	author={Tighe, Joseph and Lazebnik, Svetlana},
	booktitle={Proceedings of the IEEE Conference on Computer Vision and Pattern Recognition},
	pages={3001--3008},
	year={2013},
	address={Paris, France},						
	publisher = {IEEE}
}

%论文集论文
@incollection{hariharan14,
	title={Simultaneous detection and segmentation},
	author={Hariharan, Bharath and Arbel{\'a}ez, Pablo and Girshick, Ross and Malik, Jitendra},
	booktitle={Computer vision--ECCV 2014},
	pages={297--312},
	year={2014},
	publisher={Springer},
	address={New York}
}

%硕士学位论文
@masterthesis{zhang98,
	author={张志祥},
	title={间断动力系统的随机扰动及其在守恒律方程中的应用},
	address={北京},
	school={北京大学数学学院},
	year={1998年}
}

%博士学位论文
@phdthesis{Li08,
	author={李峥},
	title={数字几何图形网格变形理论和方法},
	address={广州},
	school={中山大学},
	year={2008年5月}
}

%普通图书
@book{Su81,
	author={苏步青 and 刘鼎元},
	title={计算几何},
	address={上海},
	publisher={上海科学技术出版社},
	year={1981}
}

%专利
@patent{Liu93,
	author={刘加林},
	title={多功能一次性压舌板},
	country={中国},
	patentid={9214985.2},
	date={1993-04-14}
}

%网页文档
@online{Jiang99,
	author={江向东},
	title={互联网环境下的信息处理与图书管理系统解决方案},
	publisher={情报学报},
	year={1999},
	citedate={2000-01-18},
	url={http:/www.chinainfo.gov.cn/periodical/gbxb/gbxb9/gbxb90203}
}

%标准
@standard{Zuo10,
	title={网络部署标准},
	author={作者},
	edition={网络部},
	year={2010},
	pages={1--6},
	citedate={2011-11-12},
	publisher={},
	address={}
}




